@article{pan2009data,
  title={The data depth-weight-kernel estimation of the model error of satellite orbit determination},
  author={Pan, Xiao-Gang and Zhou, Hai-Yin},
  journal={Chinese Astronomy and Astrophysics},
  volume={33},
  number={3},
  pages={293--304},
  year={2009},
  publisher={Elsevier}
}

@inproceedings{pan2009satellite,
	title={Satellite Orbit Determination Based on Stahel--Donoho Kernel Estimator},
	author={Pan, Xiaogang and Zhou, Haiyin},
	booktitle={2009 Second International Workshop on Knowledge Discovery and Data Mining},
	pages={867--871},
	year={2009},
	organization={IEEE}
}

@article{yang2021real,
	title={Real-Time On-Orbit Estimation Method for Microthruster Thrust Based on High-Precision Orbit Determination},
	author={Yang, Qinglin and Zhou, Weijing and Chang, Hao},
	journal={International Journal of Aerospace Engineering},
	volume={2021},
	year={2021},
	publisher={Hindawi}
}

